%YAML 1.1
%TAG !u! tag:unity3d.com,2011:
--- !u!1 &2557696860073040768
GameObject:
  m_ObjectHideFlags: 0
  m_CorrespondingSourceObject: {fileID: 0}
  m_PrefabInstance: {fileID: 0}
  m_PrefabAsset: {fileID: 0}
  serializedVersion: 6
  m_Component:
  - component: {fileID: 2557696860073040796}
  - component: {fileID: 2557696860073040771}
  - component: {fileID: 2557696860073040770}
  - component: {fileID: 2557696860073040769}
  - component: {fileID: 2557696859320547567}
  - component: {fileID: 2557696859320547566}
  - component: {fileID: 2557696859320547570}
  - component: {fileID: 2557696859320547569}
  - component: {fileID: 3353966605032991189}
  m_Layer: 0
  m_Name: Animal Nothin
  m_TagString: rabbit
  m_Icon: {fileID: 0}
  m_NavMeshLayer: 0
  m_StaticEditorFlags: 0
  m_IsActive: 1
--- !u!4 &2557696860073040796
Transform:
  m_ObjectHideFlags: 0
  m_CorrespondingSourceObject: {fileID: 0}
  m_PrefabInstance: {fileID: 0}
  m_PrefabAsset: {fileID: 0}
  m_GameObject: {fileID: 2557696860073040768}
  m_LocalRotation: {x: 0, y: 0, z: 0, w: 1}
  m_LocalPosition: {x: 0, y: 0.5, z: 0}
  m_LocalScale: {x: 1, y: 1, z: 1}
  m_Children:
  - {fileID: 2502334329786402307}
  m_Father: {fileID: 0}
  m_RootOrder: 0
  m_LocalEulerAnglesHint: {x: 0, y: 0, z: 0}
--- !u!33 &2557696860073040771
MeshFilter:
  m_ObjectHideFlags: 0
  m_CorrespondingSourceObject: {fileID: 0}
  m_PrefabInstance: {fileID: 0}
  m_PrefabAsset: {fileID: 0}
  m_GameObject: {fileID: 2557696860073040768}
  m_Mesh: {fileID: 10202, guid: 0000000000000000e000000000000000, type: 0}
--- !u!23 &2557696860073040770
MeshRenderer:
  m_ObjectHideFlags: 0
  m_CorrespondingSourceObject: {fileID: 0}
  m_PrefabInstance: {fileID: 0}
  m_PrefabAsset: {fileID: 0}
  m_GameObject: {fileID: 2557696860073040768}
  m_Enabled: 1
  m_CastShadows: 1
  m_ReceiveShadows: 1
  m_DynamicOccludee: 1
  m_MotionVectors: 1
  m_LightProbeUsage: 1
  m_ReflectionProbeUsage: 1
  m_RayTracingMode: 2
  m_RayTraceProcedural: 0
  m_RenderingLayerMask: 1
  m_RendererPriority: 0
  m_Materials:
  - {fileID: 2100000, guid: 27a2fb423b110c94482e580361585469, type: 2}
  m_StaticBatchInfo:
    firstSubMesh: 0
    subMeshCount: 0
  m_StaticBatchRoot: {fileID: 0}
  m_ProbeAnchor: {fileID: 0}
  m_LightProbeVolumeOverride: {fileID: 0}
  m_ScaleInLightmap: 1
  m_ReceiveGI: 1
  m_PreserveUVs: 0
  m_IgnoreNormalsForChartDetection: 0
  m_ImportantGI: 0
  m_StitchLightmapSeams: 1
  m_SelectedEditorRenderState: 3
  m_MinimumChartSize: 4
  m_AutoUVMaxDistance: 0.5
  m_AutoUVMaxAngle: 89
  m_LightmapParameters: {fileID: 0}
  m_SortingLayerID: 0
  m_SortingLayer: 0
  m_SortingOrder: 0
  m_AdditionalVertexStreams: {fileID: 0}
--- !u!65 &2557696860073040769
BoxCollider:
  m_ObjectHideFlags: 0
  m_CorrespondingSourceObject: {fileID: 0}
  m_PrefabInstance: {fileID: 0}
  m_PrefabAsset: {fileID: 0}
  m_GameObject: {fileID: 2557696860073040768}
  m_Material: {fileID: 0}
  m_IsTrigger: 0
  m_Enabled: 1
  serializedVersion: 2
  m_Size: {x: 1, y: 1, z: 1}
  m_Center: {x: 0, y: 0, z: 0}
--- !u!114 &2557696859320547567
MonoBehaviour:
  m_ObjectHideFlags: 0
  m_CorrespondingSourceObject: {fileID: 0}
  m_PrefabInstance: {fileID: 0}
  m_PrefabAsset: {fileID: 0}
  m_GameObject: {fileID: 2557696860073040768}
  m_Enabled: 1
  m_EditorHideFlags: 0
  m_Script: {fileID: 11500000, guid: 5d1c4e0b1822b495aa52bc52839ecb30, type: 3}
  m_Name: 
  m_EditorClassIdentifier: 
  m_BrainParameters:
    VectorObservationSize: 1
    NumStackedVectorObservations: 1
    m_ActionSpec:
      m_NumContinuousActions: 0
      BranchSizes: 07000000
    VectorActionSize: 07000000
    VectorActionDescriptions: []
    VectorActionSpaceType: 0
    hasUpgradedBrainParametersWithActionSpec: 1
  m_Model: {fileID: 5022602860645237092, guid: aa8a24c3d17b789439cb707d0fc84e2d, type: 3}
  m_InferenceDevice: 1
  m_BehaviorType: 0
  m_BehaviorName: Animal
  TeamId: 0
  m_UseChildSensors: 1
  m_UseChildActuators: 1
  m_ObservableAttributeHandling: 0
--- !u!114 &2557696859320547566
MonoBehaviour:
  m_ObjectHideFlags: 0
  m_CorrespondingSourceObject: {fileID: 0}
  m_PrefabInstance: {fileID: 0}
  m_PrefabAsset: {fileID: 0}
  m_GameObject: {fileID: 2557696860073040768}
  m_Enabled: 1
  m_EditorHideFlags: 0
  m_Script: {fileID: 11500000, guid: c12ce8f006c3e7346b10ebf0ec683db5, type: 3}
  m_Name: 
  m_EditorClassIdentifier: 
  agentParameters:
    maxStep: 0
  hasUpgradedFromAgentParameters: 1
  MaxStep: 10000
  _feed: 0
  _settings: {fileID: 11400000, guid: 48ef20f4a78bd814cb94c4c1899a9552, type: 2}
  _maxFeed: 10
  _feedPerUse: 10
--- !u!114 &2557696859320547570
MonoBehaviour:
  m_ObjectHideFlags: 0
  m_CorrespondingSourceObject: {fileID: 0}
  m_PrefabInstance: {fileID: 0}
  m_PrefabAsset: {fileID: 0}
  m_GameObject: {fileID: 2557696860073040768}
  m_Enabled: 1
  m_EditorHideFlags: 0
  m_Script: {fileID: 11500000, guid: 3a6da8f78a394c6ab027688eab81e04d, type: 3}
  m_Name: 
  m_EditorClassIdentifier: 
  debugCommandLineOverride: 
--- !u!114 &2557696859320547569
MonoBehaviour:
  m_ObjectHideFlags: 0
  m_CorrespondingSourceObject: {fileID: 0}
  m_PrefabInstance: {fileID: 0}
  m_PrefabAsset: {fileID: 0}
  m_GameObject: {fileID: 2557696860073040768}
  m_Enabled: 1
  m_EditorHideFlags: 0
  m_Script: {fileID: 11500000, guid: 3a5c9d521e5ef4759a8246a07d52221e, type: 3}
  m_Name: 
  m_EditorClassIdentifier: 
  DecisionPeriod: 5
  TakeActionsBetweenDecisions: 1
--- !u!54 &3353966605032991189
Rigidbody:
  m_ObjectHideFlags: 0
  m_CorrespondingSourceObject: {fileID: 0}
  m_PrefabInstance: {fileID: 0}
  m_PrefabAsset: {fileID: 0}
  m_GameObject: {fileID: 2557696860073040768}
  serializedVersion: 2
  m_Mass: 10
  m_Drag: 4
  m_AngularDrag: 0.05
  m_UseGravity: 1
  m_IsKinematic: 0
  m_Interpolate: 0
  m_Constraints: 112
  m_CollisionDetection: 0
--- !u!1 &7453879013602131575
GameObject:
  m_ObjectHideFlags: 0
  m_CorrespondingSourceObject: {fileID: 0}
  m_PrefabInstance: {fileID: 0}
  m_PrefabAsset: {fileID: 0}
  serializedVersion: 6
  m_Component:
  - component: {fileID: 2502334329786402307}
  - component: {fileID: 334052660041833800}
  m_Layer: 0
  m_Name: RaySensor
  m_TagString: Untagged
  m_Icon: {fileID: 0}
  m_NavMeshLayer: 0
  m_StaticEditorFlags: 0
  m_IsActive: 0
--- !u!4 &2502334329786402307
Transform:
  m_ObjectHideFlags: 0
  m_CorrespondingSourceObject: {fileID: 0}
  m_PrefabInstance: {fileID: 0}
  m_PrefabAsset: {fileID: 0}
  m_GameObject: {fileID: 7453879013602131575}
  m_LocalRotation: {x: -0, y: 0.0000029504295, z: -0, w: 1}
  m_LocalPosition: {x: 0.01, y: 0.07999998, z: 0.732}
  m_LocalScale: {x: 1, y: 1, z: 1}
  m_Children: []
  m_Father: {fileID: 2557696860073040796}
  m_RootOrder: 0
  m_LocalEulerAnglesHint: {x: 0, y: 0, z: 0}
--- !u!114 &334052660041833800
MonoBehaviour:
  m_ObjectHideFlags: 0
  m_CorrespondingSourceObject: {fileID: 0}
  m_PrefabInstance: {fileID: 0}
  m_PrefabAsset: {fileID: 0}
  m_GameObject: {fileID: 7453879013602131575}
  m_Enabled: 1
  m_EditorHideFlags: 0
  m_Script: {fileID: 11500000, guid: 6bb6b867a41448888c1cd4f99643ad71, type: 3}
  m_Name: 
  m_EditorClassIdentifier: 
  m_SensorName: RayPerceptionSensor
  m_DetectableTags:
  - wall
  - rabbit
  - grass
  m_RaysPerDirection: 7
  m_MaxRayDegrees: 60
  m_SphereCastRadius: 0.5
  m_RayLength: 40
  m_RayLayerMask:
    serializedVersion: 2
    m_Bits: 1
  m_ObservationStacks: 3
  rayHitColor: {r: 1, g: 0, b: 0, a: 1}
  rayMissColor: {r: 1, g: 1, b: 1, a: 1}
  m_StartVerticalOffset: 0
  m_EndVerticalOffset: 0
